[gd_scene load_steps=23 format=1]

[ext_resource path="res://assets/scripts/scene_switcher.gd" type="Script" id=1]
[ext_resource path="res://assets/textures/5.png" type="Texture" id=2]
[ext_resource path="res://assets/textures/nights/1.png" type="Texture" id=3]
[ext_resource path="res://assets/textures/nights/2.png" type="Texture" id=4]
[ext_resource path="res://assets/textures/nights/3.png" type="Texture" id=5]
[ext_resource path="res://assets/textures/nights/4.png" type="Texture" id=6]
[ext_resource path="res://assets/textures/nights/5.png" type="Texture" id=7]
[ext_resource path="res://assets/textures/nights/6.png" type="Texture" id=8]
[ext_resource path="res://assets/textures/nights/7.png" type="Texture" id=9]
[ext_resource path="res://assets/textures/nights/pay_check.png" type="Texture" id=10]
[ext_resource path="res://assets/sfx/paycheck.wav" type="Sample" id=11]
[ext_resource path="res://assets/sfx/startday.wav" type="Sample" id=12]
[ext_resource path="res://assets/textures/nights/150.png" type="Texture" id=13]
[ext_resource path="res://assets/textures/nights/151.png" type="Texture" id=14]
[ext_resource path="res://assets/textures/nights/153.png" type="Texture" id=15]
[ext_resource path="res://assets/textures/nights/154.png" type="Texture" id=16]
[ext_resource path="res://assets/textures/nights/152.png" type="Texture" id=17]

[sub_resource type="SpriteFrames" id=1]

animations = [ {
"frames": [ ExtResource( 3 ), ExtResource( 4 ), ExtResource( 5 ), ExtResource( 6 ), ExtResource( 7 ), ExtResource( 8 ), ExtResource( 9 ) ],
"loop": true,
"name": "default",
"speed": 5.0
} ]

[sub_resource type="Animation" id=2]

resource/name = "fade_in"
length = 1.0
loop = false
step = 0.1
tracks/0/type = "value"
tracks/0/path = NodePath(".:visibility/opacity")
tracks/0/interp = 1
tracks/0/imported = false
tracks/0/keys = {
"times": FloatArray( 0, 0.5 ),
"transitions": FloatArray( 1, 1 ),
"update": 0,
"values": [ 0.0, 1.0 ]
}

[sub_resource type="SampleLibrary" id=3]

samples/paycheck = {
"db": 0.0,
"pitch": 1.0,
"priority": 0,
"sample": ExtResource( 11 )
}
samples/startday = {
"db": 0.0,
"pitch": 1.0,
"priority": 0,
"sample": ExtResource( 12 )
}

[sub_resource type="SpriteFrames" id=4]

animations = [ {
"frames": [ ExtResource( 13 ), ExtResource( 14 ), ExtResource( 15 ), ExtResource( 16 ), ExtResource( 17 ) ],
"loop": true,
"name": "default",
"speed": 5.0
} ]

[sub_resource type="Animation" id=5]

length = 2.0
loop = false
step = 0.1
tracks/0/type = "value"
tracks/0/path = NodePath(".:frame")
tracks/0/interp = 1
tracks/0/imported = false
tracks/0/keys = {
"times": FloatArray( 0, 0.1, 0.2, 0.3, 0.4 ),
"transitions": FloatArray( 1, 1, 1, 1, 1 ),
"update": 1,
"values": [ 0, 1, 2, 3, 4 ]
}
tracks/1/type = "value"
tracks/1/path = NodePath(".:visibility/visible")
tracks/1/interp = 1
tracks/1/imported = false
tracks/1/keys = {
"times": FloatArray( 0, 0.5 ),
"transitions": FloatArray( 1, 1 ),
"update": 1,
"values": [ true, false ]
}

[node name="Node2D" type="Node2D"]

script/script = ExtResource( 1 )

[node name="blank" type="Sprite" parent="."]

visibility/visible = false
transform/pos = Vector2( 632.808, 354.36 )
transform/scale = Vector2( 18.5468, 10.4422 )
texture = ExtResource( 2 )

[node name="nights" type="AnimatedSprite" parent="."]

visibility/visible = false
transform/pos = Vector2( 533.599, 283.38 )
frames = SubResource( 1 )
animation = "default"
centered = false

[node name="paycheck" type="Sprite" parent="."]

visibility/visible = false
visibility/opacity = 0.0
texture = ExtResource( 10 )
centered = false

[node name="anim" type="AnimationPlayer" parent="paycheck"]

playback/process_mode = 1
playback/default_blend_time = 0.0
root/root = NodePath("..")
anims/fade_in = SubResource( 2 )
playback/active = true
playback/speed = 1.0
blend_times = [  ]
autoplay = ""

[node name="SamplePlayer" type="SamplePlayer" parent="."]

config/polyphony = 1
config/samples = SubResource( 3 )
default/volume_db = 0.0
default/pitch_scale = 1.0
default/pan = 0.0
default/depth = 0.0
default/height = 0.0
default/filter/type = 0
default/filter/cutoff = 5000.0
default/filter/resonance = 1.0
default/filter/gain = 1.0
default/reverb_room = 2
default/reverb_send = 0.0
default/chorus_send = 0.0

[node name="stripes" type="AnimatedSprite" parent="."]

visibility/visible = false
transform/scale = Vector2( 1.54839, 1.10976 )
frames = SubResource( 4 )
animation = "default"
frame = 4
centered = false

[node name="anim" type="AnimationPlayer" parent="stripes"]

playback/process_mode = 1
playback/default_blend_time = 0.0
root/root = NodePath("..")
anims/default = SubResource( 5 )
playback/active = true
playback/speed = 1.0
blend_times = [  ]
autoplay = ""


